%YAML 1.1
%TAG !u! tag:unity3d.com,2011:
--- !u!29 &1
OcclusionCullingSettings:
  m_ObjectHideFlags: 0
  serializedVersion: 2
  m_OcclusionBakeSettings:
    smallestOccluder: 5
    smallestHole: 0.25
    backfaceThreshold: 100
  m_SceneGUID: 00000000000000000000000000000000
  m_OcclusionCullingData: {fileID: 0}
--- !u!104 &2
RenderSettings:
  m_ObjectHideFlags: 0
  serializedVersion: 8
  m_Fog: 0
  m_FogColor: {r: 0.5, g: 0.5, b: 0.5, a: 1}
  m_FogMode: 3
  m_FogDensity: 0.01
  m_LinearFogStart: 0
  m_LinearFogEnd: 300
  m_AmbientSkyColor: {r: 0.2, g: 0.2, b: 0.2, a: 1}
  m_AmbientEquatorColor: {r: 0.2, g: 0.2, b: 0.2, a: 1}
  m_AmbientGroundColor: {r: 0.2, g: 0.2, b: 0.2, a: 1}
  m_AmbientIntensity: 1
  m_AmbientMode: 3
  m_SubtractiveShadowColor: {r: 0.42, g: 0.478, b: 0.627, a: 1}
  m_SkyboxMaterial: {fileID: 0}
  m_HaloStrength: 0.5
  m_FlareStrength: 1
  m_FlareFadeSpeed: 3
  m_HaloTexture: {fileID: 0}
  m_SpotCookie: {fileID: 10001, guid: 0000000000000000e000000000000000, type: 0}
  m_DefaultReflectionMode: 0
  m_DefaultReflectionResolution: 128
  m_ReflectionBounces: 1
  m_ReflectionIntensity: 1
  m_CustomReflection: {fileID: 0}
  m_Sun: {fileID: 0}
  m_IndirectSpecularColor: {r: 0, g: 0, b: 0, a: 1}
--- !u!157 &4
LightmapSettings:
  m_ObjectHideFlags: 0
  serializedVersion: 11
  m_GIWorkflowMode: 1
  m_GISettings:
    serializedVersion: 2
    m_BounceScale: 1
    m_IndirectOutputScale: 1
    m_AlbedoBoost: 1
    m_TemporalCoherenceThreshold: 1
    m_EnvironmentLightingMode: 0
    m_EnableBakedLightmaps: 1
    m_EnableRealtimeLightmaps: 0
  m_LightmapEditorSettings:
    serializedVersion: 9
    m_Resolution: 1
    m_BakeResolution: 50
    m_TextureWidth: 1024
    m_TextureHeight: 1024
    m_AO: 1
    m_AOMaxDistance: 1
    m_CompAOExponent: 1
    m_CompAOExponentDirect: 0
    m_Padding: 2
    m_LightmapParameters: {fileID: 0}
    m_LightmapsBakeMode: 1
    m_TextureCompression: 0
    m_FinalGather: 0
    m_FinalGatherFiltering: 1
    m_FinalGatherRayCount: 256
    m_ReflectionCompression: 2
    m_MixedBakeMode: 1
    m_BakeBackend: 0
    m_PVRSampling: 1
    m_PVRDirectSampleCount: 32
    m_PVRSampleCount: 500
    m_PVRBounces: 2
    m_PVRFiltering: 0
    m_PVRFilteringMode: 1
    m_PVRCulling: 1
    m_PVRFilteringGaussRadiusDirect: 1
    m_PVRFilteringGaussRadiusIndirect: 5
    m_PVRFilteringGaussRadiusAO: 2
    m_PVRFilteringAtrousColorSigma: 1
    m_PVRFilteringAtrousNormalSigma: 1
    m_PVRFilteringAtrousPositionSigma: 1
  m_LightingDataAsset: {fileID: 0}
  m_UseShadowmask: 0
--- !u!196 &5
NavMeshSettings:
  serializedVersion: 2
  m_ObjectHideFlags: 0
  m_BuildSettings:
    serializedVersion: 2
    agentTypeID: 0
    agentRadius: 0.5
    agentHeight: 2
    agentSlope: 45
    agentClimb: 0.4
    ledgeDropHeight: 0
    maxJumpAcrossDistance: 0
    minRegionArea: 2
    manualCellSize: 0
    cellSize: 0.16666666
    manualTileSize: 0
    tileSize: 256
    accuratePlacement: 0
  m_NavMeshData: {fileID: 0}
--- !u!1 &16573985
GameObject:
  m_ObjectHideFlags: 0
  m_PrefabParentObject: {fileID: 100046, guid: 1bc59e55ce32adb48bee14c092ad1572, type: 3}
  m_PrefabInternal: {fileID: 0}
  serializedVersion: 5
  m_Component:
  - component: {fileID: 16573986}
  m_Layer: 0
  m_Name: right_knee
  m_TagString: Untagged
  m_Icon: {fileID: 0}
  m_NavMeshLayer: 0
  m_StaticEditorFlags: 0
  m_IsActive: 1
--- !u!4 &16573986
Transform:
  m_ObjectHideFlags: 0
  m_PrefabParentObject: {fileID: 400046, guid: 1bc59e55ce32adb48bee14c092ad1572, type: 3}
  m_PrefabInternal: {fileID: 0}
  m_GameObject: {fileID: 16573985}
  m_LocalRotation: {x: 0.055395752, y: -0.65328866, z: 0.26291594, w: 0.707828}
  m_LocalPosition: {x: 6.15244, y: 0.33588, z: 1.0608}
  m_LocalScale: {x: 1, y: 1, z: 1}
  m_Children:
  - {fileID: 739416497}
  m_Father: {fileID: 1454720208}
  m_RootOrder: 0
  m_LocalEulerAnglesHint: {x: 0, y: 0, z: 0}
--- !u!1 &163731781
GameObject:
  m_ObjectHideFlags: 0
  m_PrefabParentObject: {fileID: 100034, guid: 1bc59e55ce32adb48bee14c092ad1572, type: 3}
  m_PrefabInternal: {fileID: 0}
  serializedVersion: 5
  m_Component:
  - component: {fileID: 163731782}
  m_Layer: 0
  m_Name: right_collar
  m_TagString: Untagged
  m_Icon: {fileID: 0}
  m_NavMeshLayer: 0
  m_StaticEditorFlags: 0
  m_IsActive: 1
--- !u!4 &163731782
Transform:
  m_ObjectHideFlags: 0
  m_PrefabParentObject: {fileID: 400034, guid: 1bc59e55ce32adb48bee14c092ad1572, type: 3}
  m_PrefabInternal: {fileID: 0}
  m_GameObject: {fileID: 163731781}
  m_LocalRotation: {x: 0.24941555, y: 0.7328219, z: 0.5395151, w: 0.33119118}
  m_LocalPosition: {x: -4.074, y: 0.709061, z: -0.0011018036}
  m_LocalScale: {x: 1, y: 1, z: 1}
  m_Children:
  - {fileID: 291752077}
  m_Father: {fileID: 1689248489}
  m_RootOrder: 2
  m_LocalEulerAnglesHint: {x: 0, y: 0, z: 0}
--- !u!1 &180615059
GameObject:
  m_ObjectHideFlags: 0
  m_PrefabParentObject: {fileID: 100004, guid: 1bc59e55ce32adb48bee14c092ad1572, type: 3}
  m_PrefabInternal: {fileID: 0}
  serializedVersion: 5
  m_Component:
  - component: {fileID: 180615060}
  m_Layer: 0
  m_Name: left_ankle
  m_TagString: Untagged
  m_Icon: {fileID: 0}
  m_NavMeshLayer: 0
  m_StaticEditorFlags: 0
  m_IsActive: 1
--- !u!4 &180615060
Transform:
  m_ObjectHideFlags: 0
  m_PrefabParentObject: {fileID: 400004, guid: 1bc59e55ce32adb48bee14c092ad1572, type: 3}
  m_PrefabInternal: {fileID: 0}
  m_GameObject: {fileID: 180615059}
  m_LocalRotation: {x: -0.4382894, y: 0.03185411, z: 0.15075561, w: 0.8855284}
  m_LocalPosition: {x: -6.6191144, y: -0.13435003, z: 1.0608045}
  m_LocalScale: {x: 1, y: 1, z: 1}
  m_Children:
  - {fileID: 1826300562}
  m_Father: {fileID: 1659099034}
  m_RootOrder: 0
  m_LocalEulerAnglesHint: {x: 0, y: 0, z: 0}
--- !u!1 &191958213
GameObject:
  m_ObjectHideFlags: 0
  m_PrefabParentObject: {fileID: 100030, guid: 1bc59e55ce32adb48bee14c092ad1572, type: 3}
  m_PrefabInternal: {fileID: 0}
  serializedVersion: 5
  m_Component:
  - component: {fileID: 191958214}
  - component: {fileID: 191958216}
  - component: {fileID: 191958215}
  m_Layer: 0
  m_Name: rainbowMan_v6
  m_TagString: Untagged
  m_Icon: {fileID: 0}
  m_NavMeshLayer: 0
  m_StaticEditorFlags: 0
  m_IsActive: 1
--- !u!4 &191958214
Transform:
  m_ObjectHideFlags: 0
  m_PrefabParentObject: {fileID: 400030, guid: 1bc59e55ce32adb48bee14c092ad1572, type: 3}
  m_PrefabInternal: {fileID: 0}
  m_GameObject: {fileID: 191958213}
  m_LocalRotation: {x: 0, y: 0, z: 0, w: 1}
  m_LocalPosition: {x: 0, y: -10, z: 50}
  m_LocalScale: {x: 1, y: 1, z: 1}
  m_Children:
  - {fileID: 1363519087}
  - {fileID: 330157341}
  m_Father: {fileID: 0}
  m_RootOrder: 3
  m_LocalEulerAnglesHint: {x: 0, y: 0, z: 0}
--- !u!114 &191958215
MonoBehaviour:
  m_ObjectHideFlags: 0
  m_PrefabParentObject: {fileID: 0}
  m_PrefabInternal: {fileID: 0}
  m_GameObject: {fileID: 191958213}
  m_Enabled: 1
  m_EditorHideFlags: 0
  m_Script: {fileID: 11500000, guid: 867fddf8d8f4f13439dd4facb64b9a4b, type: 3}
  m_Name: 
  m_EditorClassIdentifier: 
  sw: {fileID: 1146852443}
  Hip_Center: {fileID: 1967716549}
  Spine: {fileID: 1689248488}
  Shoulder_Center: {fileID: 1686701643}
  Head: {fileID: 591004403}
  Collar_Left: {fileID: 2140823692}
  Shoulder_Left: {fileID: 1666454170}
  Elbow_Left: {fileID: 452778437}
  Wrist_Left: {fileID: 1522247927}
  Hand_Left: {fileID: 426305801}
  Fingers_Left: {fileID: 1512583821}
  Collar_Right: {fileID: 163731781}
  Shoulder_Right: {fileID: 291752076}
  Elbow_Right: {fileID: 1997134212}
  Wrist_Right: {fileID: 1937108797}
  Hand_Right: {fileID: 255540718}
  Fingers_Right: {fileID: 445009076}
  Hip_Override: {fileID: 1967716549}
  Hip_Left: {fileID: 651428830}
  Knee_Left: {fileID: 1659099033}
  Ankle_Left: {fileID: 180615059}
  Foot_Left: {fileID: 1826300561}
  Hip_Right: {fileID: 644971985}
  Knee_Right: {fileID: 16573985}
  Ankle_Right: {fileID: 739416496}
  Foot_Right: {fileID: 638286158}
  player: 0
  Mask: 983038
  animated: 0
  blendWeight: 1
  isTracked: 0
--- !u!111 &191958216
Animation:
  m_ObjectHideFlags: 0
  m_PrefabParentObject: {fileID: 11100000, guid: 1bc59e55ce32adb48bee14c092ad1572,
    type: 3}
  m_PrefabInternal: {fileID: 0}
  m_GameObject: {fileID: 191958213}
  m_Enabled: 1
  serializedVersion: 3
  m_Animation: {fileID: 7400000, guid: 1bc59e55ce32adb48bee14c092ad1572, type: 3}
  m_Animations:
  - {fileID: 7400000, guid: 1bc59e55ce32adb48bee14c092ad1572, type: 3}
  m_WrapMode: 0
  m_PlayAutomatically: 1
  m_AnimatePhysics: 0
  m_CullingType: 1
--- !u!1 &255540718
GameObject:
  m_ObjectHideFlags: 0
  m_PrefabParentObject: {fileID: 100042, guid: 1bc59e55ce32adb48bee14c092ad1572, type: 3}
  m_PrefabInternal: {fileID: 0}
  serializedVersion: 5
  m_Component:
  - component: {fileID: 255540719}
  m_Layer: 0
  m_Name: right_hand
  m_TagString: Untagged
  m_Icon: {fileID: 0}
  m_NavMeshLayer: 0
  m_StaticEditorFlags: 0
  m_IsActive: 1
--- !u!4 &255540719
Transform:
  m_ObjectHideFlags: 0
  m_PrefabParentObject: {fileID: 400042, guid: 1bc59e55ce32adb48bee14c092ad1572, type: 3}
  m_PrefabInternal: {fileID: 0}
  m_GameObject: {fileID: 255540718}
  m_LocalRotation: {x: 0, y: -0, z: -0, w: 1}
  m_LocalPosition: {x: 1.7915, y: 8.472078e-17, z: 0.0101}
  m_LocalScale: {x: 1, y: 1, z: 1}
  m_Children:
  - {fileID: 445009077}
  m_Father: {fileID: 1937108798}
  m_RootOrder: 0
  m_LocalEulerAnglesHint: {x: 0, y: 0, z: 0}
--- !u!1 &291752076
GameObject:
  m_ObjectHideFlags: 0
  m_PrefabParentObject: {fileID: 100048, guid: 1bc59e55ce32adb48bee14c092ad1572, type: 3}
  m_PrefabInternal: {fileID: 0}
  serializedVersion: 5
  m_Component:
  - component: {fileID: 291752077}
  - component: {fileID: 291752078}
  m_Layer: 0
  m_Name: right_shoulder
  m_TagString: Untagged
  m_Icon: {fileID: 0}
  m_NavMeshLayer: 0
  m_StaticEditorFlags: 0
  m_IsActive: 1
--- !u!4 &291752077
Transform:
  m_ObjectHideFlags: 0
  m_PrefabParentObject: {fileID: 400048, guid: 1bc59e55ce32adb48bee14c092ad1572, type: 3}
  m_PrefabInternal: {fileID: 0}
  m_GameObject: {fileID: 291752076}
  m_LocalRotation: {x: 0.00078066514, y: -0.15223655, z: -0.0993249, w: 0.98334026}
  m_LocalPosition: {x: 1.318549, y: 1.7214446e-15, z: 0.5346}
  m_LocalScale: {x: 1, y: 1, z: 1}
  m_Children:
  - {fileID: 1997134213}
  m_Father: {fileID: 163731782}
  m_RootOrder: 0
  m_LocalEulerAnglesHint: {x: 0, y: 0, z: 0}
--- !u!114 &291752078
MonoBehaviour:
  m_ObjectHideFlags: 0
  m_PrefabParentObject: {fileID: 0}
  m_PrefabInternal: {fileID: 0}
  m_GameObject: {fileID: 291752076}
  m_Enabled: 1
  m_EditorHideFlags: 0
  m_Script: {fileID: 11500000, guid: 6c8fad34b800e834993492264f108b5d, type: 3}
  m_Name: 
  m_EditorClassIdentifier: 
  kpc: {fileID: 191958215}
  sec: 0
--- !u!1 &330157340
GameObject:
  m_ObjectHideFlags: 0
  m_PrefabParentObject: {fileID: 100056, guid: 1bc59e55ce32adb48bee14c092ad1572, type: 3}
  m_PrefabInternal: {fileID: 0}
  serializedVersion: 5
  m_Component:
  - component: {fileID: 330157341}
  - component: {fileID: 330157342}
  m_Layer: 0
  m_Name: skeleton
  m_TagString: Untagged
  m_Icon: {fileID: 0}
  m_NavMeshLayer: 0
  m_StaticEditorFlags: 0
  m_IsActive: 1
--- !u!4 &330157341
Transform:
  m_ObjectHideFlags: 0
  m_PrefabParentObject: {fileID: 400056, guid: 1bc59e55ce32adb48bee14c092ad1572, type: 3}
  m_PrefabInternal: {fileID: 0}
  m_GameObject: {fileID: 330157340}
  m_LocalRotation: {x: 0, y: -0, z: 0, w: 1}
  m_LocalPosition: {x: 0, y: 0, z: 0}
  m_LocalScale: {x: 1, y: 1, z: 1}
  m_Children:
  - {fileID: 1772256756}
  m_Father: {fileID: 191958214}
  m_RootOrder: 1
  m_LocalEulerAnglesHint: {x: 0, y: 0, z: 0}
--- !u!114 &330157342
MonoBehaviour:
  m_ObjectHideFlags: 0
  m_PrefabParentObject: {fileID: 0}
  m_PrefabInternal: {fileID: 0}
  m_GameObject: {fileID: 330157340}
  m_Enabled: 1
  m_EditorHideFlags: 0
  m_Script: {fileID: 11500000, guid: ac14725143b8fe044aaa04555d9a5e64, type: 3}
  m_Name: 
  m_EditorClassIdentifier: 
  kmc: {fileID: 191958215}
  Right_Shoulder: {fileID: 291752076}
  Left_Shoulder: {fileID: 1666454170}
--- !u!1 &426305801
GameObject:
  m_ObjectHideFlags: 0
  m_PrefabParentObject: {fileID: 100014, guid: 1bc59e55ce32adb48bee14c092ad1572, type: 3}
  m_PrefabInternal: {fileID: 0}
  serializedVersion: 5
  m_Component:
  - component: {fileID: 426305802}
  m_Layer: 0
  m_Name: left_hand
  m_TagString: Untagged
  m_Icon: {fileID: 0}
  m_NavMeshLayer: 0
  m_StaticEditorFlags: 0
  m_IsActive: 1
--- !u!4 &426305802
Transform:
  m_ObjectHideFlags: 0
  m_PrefabParentObject: {fileID: 400014, guid: 1bc59e55ce32adb48bee14c092ad1572, type: 3}
  m_PrefabInternal: {fileID: 0}
  m_GameObject: {fileID: 426305801}
  m_LocalRotation: {x: 0, y: -0, z: -0, w: 1}
  m_LocalPosition: {x: -1.7914784, y: -8.4730545e-17, z: -0.010122497}
  m_LocalScale: {x: 1, y: 1, z: 1}
  m_Children:
  - {fileID: 1512583822}
  m_Father: {fileID: 1522247928}
  m_RootOrder: 0
  m_LocalEulerAnglesHint: {x: 0, y: 0, z: 0}
--- !u!1 &445009076
GameObject:
  m_ObjectHideFlags: 0
  m_PrefabParentObject: {fileID: 100038, guid: 1bc59e55ce32adb48bee14c092ad1572, type: 3}
  m_PrefabInternal: {fileID: 0}
  serializedVersion: 5
  m_Component:
  - component: {fileID: 445009077}
  m_Layer: 0
  m_Name: right_fingers
  m_TagString: Untagged
  m_Icon: {fileID: 0}
  m_NavMeshLayer: 0
  m_StaticEditorFlags: 0
  m_IsActive: 1
--- !u!4 &445009077
Transform:
  m_ObjectHideFlags: 0
  m_PrefabParentObject: {fileID: 400038, guid: 1bc59e55ce32adb48bee14c092ad1572, type: 3}
  m_PrefabInternal: {fileID: 0}
  m_GameObject: {fileID: 445009076}
  m_LocalRotation: {x: 0.5, y: 0.5, z: -0.5, w: 0.5}
  m_LocalPosition: {x: 1.3145, y: 7.18294e-17, z: -0.0404}
  m_LocalScale: {x: 1, y: 1, z: 1}
  m_Children: []
  m_Father: {fileID: 255540719}
  m_RootOrder: 0
  m_LocalEulerAnglesHint: {x: 0, y: 0, z: 0}
--- !u!1 &452778437
GameObject:
  m_ObjectHideFlags: 0
  m_PrefabParentObject: {fileID: 100008, guid: 1bc59e55ce32adb48bee14c092ad1572, type: 3}
  m_PrefabInternal: {fileID: 0}
  serializedVersion: 5
  m_Component:
  - component: {fileID: 452778438}
  m_Layer: 0
  m_Name: left_elbow
  m_TagString: Untagged
  m_Icon: {fileID: 0}
  m_NavMeshLayer: 0
  m_StaticEditorFlags: 0
  m_IsActive: 1
--- !u!4 &452778438
Transform:
  m_ObjectHideFlags: 0
  m_PrefabParentObject: {fileID: 400008, guid: 1bc59e55ce32adb48bee14c092ad1572, type: 3}
  m_PrefabInternal: {fileID: 0}
  m_GameObject: {fileID: 452778437}
  m_LocalRotation: {x: 0.05926722, y: -0.09417157, z: -0.5907041, w: 0.79917943}
  m_LocalPosition: {x: -4.236452, y: 0.31180117, z: -0.51117176}
  m_LocalScale: {x: 1, y: 1, z: 1}
  m_Children:
  - {fileID: 1522247928}
  m_Father: {fileID: 1666454171}
  m_RootOrder: 0
  m_LocalEulerAnglesHint: {x: 0, y: 0, z: 0}
--- !u!1 &591004403
GameObject:
  m_ObjectHideFlags: 0
  m_PrefabParentObject: {fileID: 100000, guid: 1bc59e55ce32adb48bee14c092ad1572, type: 3}
  m_PrefabInternal: {fileID: 0}
  serializedVersion: 5
  m_Component:
  - component: {fileID: 591004404}
  m_Layer: 0
  m_Name: head
  m_TagString: Untagged
  m_Icon: {fileID: 0}
  m_NavMeshLayer: 0
  m_StaticEditorFlags: 0
  m_IsActive: 1
--- !u!4 &591004404
Transform:
  m_ObjectHideFlags: 0
  m_PrefabParentObject: {fileID: 400000, guid: 1bc59e55ce32adb48bee14c092ad1572, type: 3}
  m_PrefabInternal: {fileID: 0}
  m_GameObject: {fileID: 591004403}
  m_LocalRotation: {x: 0, y: 0, z: 0.7071068, w: 0.7071068}
  m_LocalPosition: {x: -3, y: 6.661338e-16, z: 0}
  m_LocalScale: {x: 1, y: 1, z: 1}
  m_Children: []
  m_Father: {fileID: 1686701644}
  m_RootOrder: 0
  m_LocalEulerAnglesHint: {x: 0, y: 0, z: 0}
--- !u!1 &600473551
GameObject:
  m_ObjectHideFlags: 0
  m_PrefabParentObject: {fileID: 100022, guid: 1bc59e55ce32adb48bee14c092ad1572, type: 3}
  m_PrefabInternal: {fileID: 0}
  serializedVersion: 5
  m_Component:
  - component: {fileID: 600473552}
  m_Layer: 0
  m_Name: left_thigh
  m_TagString: Untagged
  m_Icon: {fileID: 0}
  m_NavMeshLayer: 0
  m_StaticEditorFlags: 0
  m_IsActive: 1
--- !u!4 &600473552
Transform:
  m_ObjectHideFlags: 0
  m_PrefabParentObject: {fileID: 400022, guid: 1bc59e55ce32adb48bee14c092ad1572, type: 3}
  m_PrefabInternal: {fileID: 0}
  m_GameObject: {fileID: 600473551}
  m_LocalRotation: {x: -6.123234e-17, y: 1, z: 6.123234e-17, w: -6.123234e-17}
  m_LocalPosition: {x: 2.228395, y: -1.10748, z: 0}
  m_LocalScale: {x: 1, y: 1, z: 1}
  m_Children:
  - {fileID: 1659099034}
  m_Father: {fileID: 651428831}
  m_RootOrder: 0
  m_LocalEulerAnglesHint: {x: 0, y: 0, z: 0}
--- !u!1 &638286158
GameObject:
  m_ObjectHideFlags: 0
  m_PrefabParentObject: {fileID: 100040, guid: 1bc59e55ce32adb48bee14c092ad1572, type: 3}
  m_PrefabInternal: {fileID: 0}
  serializedVersion: 5
  m_Component:
  - component: {fileID: 638286159}
  m_Layer: 0
  m_Name: right_foot
  m_TagString: Untagged
  m_Icon: {fileID: 0}
  m_NavMeshLayer: 0
  m_StaticEditorFlags: 0
  m_IsActive: 1
--- !u!4 &638286159
Transform:
  m_ObjectHideFlags: 0
  m_PrefabParentObject: {fileID: 400040, guid: 1bc59e55ce32adb48bee14c092ad1572, type: 3}
  m_PrefabInternal: {fileID: 0}
  m_GameObject: {fileID: 638286158}
  m_LocalRotation: {x: 0, y: -0, z: -0, w: 1}
  m_LocalPosition: {x: 0.999998, y: -4.440892e-16, z: 2.90729}
  m_LocalScale: {x: 1, y: 1, z: 1}
  m_Children: []
  m_Father: {fileID: 739416497}
  m_RootOrder: 0
  m_LocalEulerAnglesHint: {x: 0, y: 0, z: 0}
--- !u!1 &644971985
GameObject:
  m_ObjectHideFlags: 0
  m_PrefabParentObject: {fileID: 100044, guid: 1bc59e55ce32adb48bee14c092ad1572, type: 3}
  m_PrefabInternal: {fileID: 0}
  serializedVersion: 5
  m_Component:
  - component: {fileID: 644971986}
  m_Layer: 0
  m_Name: right_hip
  m_TagString: Untagged
  m_Icon: {fileID: 0}
  m_NavMeshLayer: 0
  m_StaticEditorFlags: 0
  m_IsActive: 1
--- !u!4 &644971986
Transform:
  m_ObjectHideFlags: 0
  m_PrefabParentObject: {fileID: 400044, guid: 1bc59e55ce32adb48bee14c092ad1572, type: 3}
  m_PrefabInternal: {fileID: 0}
  m_GameObject: {fileID: 644971985}
  m_LocalRotation: {x: -0.086792514, y: 0.60504997, z: -0.09631936, w: 0.7855599}
  m_LocalPosition: {x: -0, y: 7.888609e-31, z: 0}
  m_LocalScale: {x: 1, y: 1, z: 1}
  m_Children:
  - {fileID: 1454720208}
  m_Father: {fileID: 1772256756}
  m_RootOrder: 2
  m_LocalEulerAnglesHint: {x: 0, y: 0, z: 0}
--- !u!1 &651428830
GameObject:
  m_ObjectHideFlags: 0
  m_PrefabParentObject: {fileID: 100016, guid: 1bc59e55ce32adb48bee14c092ad1572, type: 3}
  m_PrefabInternal: {fileID: 0}
  serializedVersion: 5
  m_Component:
  - component: {fileID: 651428831}
  m_Layer: 0
  m_Name: left_hip
  m_TagString: Untagged
  m_Icon: {fileID: 0}
  m_NavMeshLayer: 0
  m_StaticEditorFlags: 0
  m_IsActive: 1
--- !u!4 &651428831
Transform:
  m_ObjectHideFlags: 0
  m_PrefabParentObject: {fileID: 400016, guid: 1bc59e55ce32adb48bee14c092ad1572, type: 3}
  m_PrefabInternal: {fileID: 0}
  m_GameObject: {fileID: 651428830}
  m_LocalRotation: {x: 0.11292525, y: 0.59828335, z: -0.078127556, w: 0.78943086}
  m_LocalPosition: {x: -0, y: 7.888609e-31, z: 0}
  m_LocalScale: {x: 1, y: 1, z: 1}
  m_Children:
  - {fileID: 600473552}
  m_Father: {fileID: 1772256756}
  m_RootOrder: 1
  m_LocalEulerAnglesHint: {x: 0, y: 0, z: 0}
--- !u!1 &739416496
GameObject:
  m_ObjectHideFlags: 0
  m_PrefabParentObject: {fileID: 100032, guid: 1bc59e55ce32adb48bee14c092ad1572, type: 3}
  m_PrefabInternal: {fileID: 0}
  serializedVersion: 5
  m_Component:
  - component: {fileID: 739416497}
  m_Layer: 0
  m_Name: right_ankle
  m_TagString: Untagged
  m_Icon: {fileID: 0}
  m_NavMeshLayer: 0
  m_StaticEditorFlags: 0
  m_IsActive: 1
--- !u!4 &739416497
Transform:
  m_ObjectHideFlags: 0
  m_PrefabParentObject: {fileID: 400032, guid: 1bc59e55ce32adb48bee14c092ad1572, type: 3}
  m_PrefabInternal: {fileID: 0}
  m_GameObject: {fileID: 739416496}
  m_LocalRotation: {x: 0.29709706, y: 0.9227721, z: -0.102190256, w: 0.2231193}
  m_LocalPosition: {x: 6.61912, y: 0.13435, z: -1.0608}
  m_LocalScale: {x: 1, y: 1, z: 1}
  m_Children:
  - {fileID: 638286159}
  m_Father: {fileID: 16573986}
  m_RootOrder: 0
  m_LocalEulerAnglesHint: {x: 0, y: 0, z: 0}
--- !u!1 &867253011
GameObject:
  m_ObjectHideFlags: 0
  m_PrefabParentObject: {fileID: 0}
  m_PrefabInternal: {fileID: 0}
  serializedVersion: 5
  m_Component:
  - component: {fileID: 867253016}
  - component: {fileID: 867253015}
  - component: {fileID: 867253014}
  - component: {fileID: 867253013}
  - component: {fileID: 867253012}
  m_Layer: 0
  m_Name: Cube
  m_TagString: Untagged
  m_Icon: {fileID: 0}
  m_NavMeshLayer: 0
  m_StaticEditorFlags: 0
  m_IsActive: 0
--- !u!114 &867253012
MonoBehaviour:
  m_ObjectHideFlags: 0
  m_PrefabParentObject: {fileID: 0}
  m_PrefabInternal: {fileID: 0}
  m_GameObject: {fileID: 867253011}
  m_Enabled: 1
  m_EditorHideFlags: 0
  m_Script: {fileID: 11500000, guid: 4a73b924bc9bd6c4885110a25e9abc73, type: 3}
  m_Name: 
  m_EditorClassIdentifier: 
--- !u!23 &867253013
MeshRenderer:
  m_ObjectHideFlags: 0
  m_PrefabParentObject: {fileID: 0}
  m_PrefabInternal: {fileID: 0}
  m_GameObject: {fileID: 867253011}
  m_Enabled: 1
  m_CastShadows: 1
  m_ReceiveShadows: 1
  m_MotionVectors: 1
  m_LightProbeUsage: 0
  m_ReflectionProbeUsage: 1
  m_Materials:
  - {fileID: 10302, guid: 0000000000000000f000000000000000, type: 0}
  m_StaticBatchInfo:
    firstSubMesh: 0
    subMeshCount: 0
  m_StaticBatchRoot: {fileID: 0}
  m_ProbeAnchor: {fileID: 0}
  m_LightProbeVolumeOverride: {fileID: 0}
  m_ScaleInLightmap: 1
  m_PreserveUVs: 0
  m_IgnoreNormalsForChartDetection: 0
  m_ImportantGI: 0
  m_SelectedEditorRenderState: 3
  m_MinimumChartSize: 4
  m_AutoUVMaxDistance: 0.5
  m_AutoUVMaxAngle: 89
  m_LightmapParameters: {fileID: 0}
  m_SortingLayerID: 0
  m_SortingLayer: 0
  m_SortingOrder: 0
--- !u!65 &867253014
BoxCollider:
  m_ObjectHideFlags: 0
  m_PrefabParentObject: {fileID: 0}
  m_PrefabInternal: {fileID: 0}
  m_GameObject: {fileID: 867253011}
  m_Material: {fileID: 0}
  m_IsTrigger: 0
  m_Enabled: 1
  serializedVersion: 2
  m_Size: {x: 1, y: 1, z: 1}
  m_Center: {x: 0, y: 0, z: 0}
--- !u!33 &867253015
MeshFilter:
  m_ObjectHideFlags: 0
  m_PrefabParentObject: {fileID: 0}
  m_PrefabInternal: {fileID: 0}
  m_GameObject: {fileID: 867253011}
  m_Mesh: {fileID: 10202, guid: 0000000000000000e000000000000000, type: 0}
--- !u!4 &867253016
Transform:
  m_ObjectHideFlags: 0
  m_PrefabParentObject: {fileID: 0}
  m_PrefabInternal: {fileID: 0}
  m_GameObject: {fileID: 867253011}
  m_LocalRotation: {x: 0, y: 0, z: 0, w: 1}
  m_LocalPosition: {x: 0, y: 0, z: 0}
  m_LocalScale: {x: 1, y: 1, z: 1}
  m_Children: []
  m_Father: {fileID: 0}
  m_RootOrder: 2
  m_LocalEulerAnglesHint: {x: 0, y: 0, z: 0}
--- !u!1 &1032411234
GameObject:
  m_ObjectHideFlags: 0
  m_PrefabParentObject: {fileID: 0}
  m_PrefabInternal: {fileID: 0}
  serializedVersion: 5
  m_Component:
  - component: {fileID: 1032411239}
  - component: {fileID: 1032411238}
  - component: {fileID: 1032411237}
  - component: {fileID: 1032411236}
  - component: {fileID: 1032411235}
  - component: {fileID: 1032411240}
  m_Layer: 0
  m_Name: Main Camera
  m_TagString: MainCamera
  m_Icon: {fileID: 0}
  m_NavMeshLayer: 0
  m_StaticEditorFlags: 0
  m_IsActive: 1
--- !u!81 &1032411235
AudioListener:
  m_ObjectHideFlags: 0
  m_PrefabParentObject: {fileID: 0}
  m_PrefabInternal: {fileID: 0}
  m_GameObject: {fileID: 1032411234}
  m_Enabled: 1
--- !u!124 &1032411236
Behaviour:
  m_ObjectHideFlags: 0
  m_PrefabParentObject: {fileID: 0}
  m_PrefabInternal: {fileID: 0}
  m_GameObject: {fileID: 1032411234}
  m_Enabled: 1
--- !u!92 &1032411237
Behaviour:
  m_ObjectHideFlags: 0
  m_PrefabParentObject: {fileID: 0}
  m_PrefabInternal: {fileID: 0}
  m_GameObject: {fileID: 1032411234}
  m_Enabled: 1
--- !u!20 &1032411238
Camera:
  m_ObjectHideFlags: 0
  m_PrefabParentObject: {fileID: 0}
  m_PrefabInternal: {fileID: 0}
  m_GameObject: {fileID: 1032411234}
  m_Enabled: 1
  serializedVersion: 2
  m_ClearFlags: 1
  m_BackGroundColor: {r: 0.19215687, g: 0.3019608, b: 0.4745098, a: 0.019607844}
  m_NormalizedViewPortRect:
    serializedVersion: 2
    x: 0
    y: 0
    width: 1
    height: 1
  near clip plane: 0.3
  far clip plane: 1000
  field of view: 60
  orthographic: 0
  orthographic size: 5
  m_Depth: -1
  m_CullingMask:
    serializedVersion: 2
    m_Bits: 4294967295
  m_RenderingPath: -1
  m_TargetTexture: {fileID: 0}
  m_TargetDisplay: 0
  m_TargetEye: 3
  m_HDR: 0
  m_AllowMSAA: 1
  m_ForceIntoRT: 0
  m_OcclusionCulling: 1
  m_StereoConvergence: 10
  m_StereoSeparation: 0.022
  m_StereoMirrorMode: 0
--- !u!4 &1032411239
Transform:
  m_ObjectHideFlags: 0
  m_PrefabParentObject: {fileID: 0}
  m_PrefabInternal: {fileID: 0}
  m_GameObject: {fileID: 1032411234}
  m_LocalRotation: {x: 0, y: 0, z: 0, w: 1}
  m_LocalPosition: {x: 0, y: 1, z: -10}
  m_LocalScale: {x: 1, y: 1, z: 1}
  m_Children: []
  m_Father: {fileID: 0}
  m_RootOrder: 1
  m_LocalEulerAnglesHint: {x: 0, y: 0, z: 0}
--- !u!114 &1032411240
MonoBehaviour:
  m_ObjectHideFlags: 0
  m_PrefabParentObject: {fileID: 0}
  m_PrefabInternal: {fileID: 0}
  m_GameObject: {fileID: 1032411234}
  m_Enabled: 0
  m_EditorHideFlags: 0
  m_Script: {fileID: 11500000, guid: 31d9919500356994ab653b02b947ee83, type: 3}
  m_Name: 
  m_EditorClassIdentifier: 
--- !u!1 &1146852440
GameObject:
  m_ObjectHideFlags: 0
  m_PrefabParentObject: {fileID: 100000, guid: 635ed88cec81f334497e3638a56f786a, type: 2}
  m_PrefabInternal: {fileID: 1327938894}
  serializedVersion: 5
  m_Component:
  - component: {fileID: 1146852447}
  - component: {fileID: 1146852446}
  - component: {fileID: 1146852445}
  - component: {fileID: 1146852444}
  - component: {fileID: 1146852443}
  - component: {fileID: 1146852442}
  - component: {fileID: 1146852441}
  m_Layer: 0
  m_Name: KinectPrefab
  m_TagString: Untagged
  m_Icon: {fileID: 0}
  m_NavMeshLayer: 0
  m_StaticEditorFlags: 0
  m_IsActive: 1
--- !u!114 &1146852441
MonoBehaviour:
  m_ObjectHideFlags: 0
  m_PrefabParentObject: {fileID: 11400010, guid: 635ed88cec81f334497e3638a56f786a,
    type: 2}
  m_PrefabInternal: {fileID: 1327938894}
  m_GameObject: {fileID: 1146852440}
  m_Enabled: 1
  m_EditorHideFlags: 0
  m_Script: {fileID: 11500000, guid: e8c044f5d461fc84cbadaa2a1f418cec, type: 3}
  m_Name: 
  m_EditorClassIdentifier: 
  devOrEmu: {fileID: 1146852446}
  outputFile: Assets/Recordings/playback
--- !u!114 &1146852442
MonoBehaviour:
  m_ObjectHideFlags: 0
  m_PrefabParentObject: {fileID: 11400008, guid: 635ed88cec81f334497e3638a56f786a,
    type: 2}
  m_PrefabInternal: {fileID: 1327938894}
  m_GameObject: {fileID: 1146852440}
  m_Enabled: 1
  m_EditorHideFlags: 0
  m_Script: {fileID: 11500000, guid: cd63756e6dc1ecc41b9b1155dd1692f6, type: 3}
  m_Name: 
  m_EditorClassIdentifier: 
  devOrEmu: {fileID: 1146852446}
  storedFrames: 1
  players: []
--- !u!114 &1146852443
MonoBehaviour:
  m_ObjectHideFlags: 0
  m_PrefabParentObject: {fileID: 11400006, guid: 635ed88cec81f334497e3638a56f786a,
    type: 2}
  m_PrefabInternal: {fileID: 1327938894}
  m_GameObject: {fileID: 1146852440}
  m_Enabled: 1
  m_EditorHideFlags: 0
  m_Script: {fileID: 11500000, guid: cbb8933f8f23b6a45b8c612cc9bbcda4, type: 3}
  m_Name: 
  m_EditorClassIdentifier: 
  devOrEmu: {fileID: 1146852446}
  players: 
  trackedPlayers: 
  flipMatrix:
    e00: 1
    e01: 0
    e02: 0
    e03: 0
    e10: 0
    e11: 1
    e12: 0
    e13: 0
    e20: 0
    e21: 0
    e22: -1
    e23: 0
    e30: 0
    e31: 0
    e32: 0
    e33: 1
--- !u!114 &1146852444
MonoBehaviour:
  m_ObjectHideFlags: 0
  m_PrefabParentObject: {fileID: 11400004, guid: 635ed88cec81f334497e3638a56f786a,
    type: 2}
  m_PrefabInternal: {fileID: 1327938894}
  m_GameObject: {fileID: 1146852440}
  m_Enabled: 0
  m_EditorHideFlags: 0
  m_Script: {fileID: 11500000, guid: c1531006e9360c84f81708b2b6106d68, type: 3}
  m_Name: 
  m_EditorClassIdentifier: 
  inputFile: Assets/Recordings/playback0
  sensorHeight: 1
  kinectCenter: {x: 0, y: 0, z: 2}
  lookAt: {x: 0, y: 1, z: 0, w: 0}
--- !u!114 &1146852445
MonoBehaviour:
  m_ObjectHideFlags: 0
  m_PrefabParentObject: {fileID: 11400002, guid: 635ed88cec81f334497e3638a56f786a,
    type: 2}
  m_PrefabInternal: {fileID: 1327938894}
  m_GameObject: {fileID: 1146852440}
  m_Enabled: 0
  m_EditorHideFlags: 0
  m_Script: {fileID: 11500000, guid: 1ca6d895ba931924f90d614ff752ab42, type: 3}
  m_Name: 
  m_EditorClassIdentifier: 
  sensorHeight: 1
  kinectCenter: {x: 0, y: 0, z: 2}
  lookAt: {x: 0, y: 1, z: 0, w: 0}
  smoothing: 0.5
  correction: 0.5
  prediction: 0.5
  jitterRadius: 0.05
  maxDeviationRadius: 0.04
  enableNearMode: 0
  skeltonTrackingMode: 1
--- !u!114 &1146852446
MonoBehaviour:
  m_ObjectHideFlags: 0
  m_PrefabParentObject: {fileID: 11400000, guid: 635ed88cec81f334497e3638a56f786a,
    type: 2}
  m_PrefabInternal: {fileID: 1327938894}
  m_GameObject: {fileID: 1146852440}
  m_Enabled: 1
  m_EditorHideFlags: 0
  m_Script: {fileID: 11500000, guid: 3cc1f6a2b4778c24491a89120cd24d40, type: 3}
  m_Name: 
  m_EditorClassIdentifier: 
  device: {fileID: 1146852445}
  emulator: {fileID: 1146852444}
  useEmulator: 0
--- !u!4 &1146852447
Transform:
  m_ObjectHideFlags: 0
  m_PrefabParentObject: {fileID: 400000, guid: 635ed88cec81f334497e3638a56f786a, type: 2}
  m_PrefabInternal: {fileID: 1327938894}
  m_GameObject: {fileID: 1146852440}
  m_LocalRotation: {x: 0, y: 0, z: 0, w: 1}
  m_LocalPosition: {x: 0, y: 0, z: 0}
  m_LocalScale: {x: 1, y: 1, z: 1}
  m_Children: []
  m_Father: {fileID: 0}
  m_RootOrder: 0
  m_LocalEulerAnglesHint: {x: 0, y: 0, z: 0}
--- !u!1001 &1327938894
Prefab:
  m_ObjectHideFlags: 0
  serializedVersion: 2
  m_Modification:
    m_TransformParent: {fileID: 0}
    m_Modifications:
    - target: {fileID: 400000, guid: 635ed88cec81f334497e3638a56f786a, type: 2}
      propertyPath: m_LocalPosition.x
      value: 0
      objectReference: {fileID: 0}
    - target: {fileID: 400000, guid: 635ed88cec81f334497e3638a56f786a, type: 2}
      propertyPath: m_LocalPosition.y
      value: 0
      objectReference: {fileID: 0}
    - target: {fileID: 400000, guid: 635ed88cec81f334497e3638a56f786a, type: 2}
      propertyPath: m_LocalPosition.z
      value: 0
      objectReference: {fileID: 0}
    - target: {fileID: 400000, guid: 635ed88cec81f334497e3638a56f786a, type: 2}
      propertyPath: m_LocalRotation.x
      value: 0
      objectReference: {fileID: 0}
    - target: {fileID: 400000, guid: 635ed88cec81f334497e3638a56f786a, type: 2}
      propertyPath: m_LocalRotation.y
      value: 0
      objectReference: {fileID: 0}
    - target: {fileID: 400000, guid: 635ed88cec81f334497e3638a56f786a, type: 2}
      propertyPath: m_LocalRotation.z
      value: 0
      objectReference: {fileID: 0}
    - target: {fileID: 400000, guid: 635ed88cec81f334497e3638a56f786a, type: 2}
      propertyPath: m_LocalRotation.w
      value: 1
      objectReference: {fileID: 0}
    m_RemovedComponents: []
  m_ParentPrefab: {fileID: 100100000, guid: 635ed88cec81f334497e3638a56f786a, type: 2}
  m_RootGameObject: {fileID: 1146852440}
  m_IsPrefabParent: 0
--- !u!1 &1363519086
GameObject:
  m_ObjectHideFlags: 0
  m_PrefabParentObject: {fileID: 100026, guid: 1bc59e55ce32adb48bee14c092ad1572, type: 3}
  m_PrefabInternal: {fileID: 0}
  serializedVersion: 5
  m_Component:
  - component: {fileID: 1363519087}
  - component: {fileID: 1363519088}
  m_Layer: 0
  m_Name: mesh
  m_TagString: Untagged
  m_Icon: {fileID: 0}
  m_NavMeshLayer: 0
  m_StaticEditorFlags: 0
  m_IsActive: 1
--- !u!4 &1363519087
Transform:
  m_ObjectHideFlags: 0
  m_PrefabParentObject: {fileID: 400026, guid: 1bc59e55ce32adb48bee14c092ad1572, type: 3}
  m_PrefabInternal: {fileID: 0}
  m_GameObject: {fileID: 1363519086}
  m_LocalRotation: {x: 0, y: -0, z: 0, w: 1}
  m_LocalPosition: {x: 0, y: 0, z: 0}
  m_LocalScale: {x: 1, y: 1, z: 1}
  m_Children: []
  m_Father: {fileID: 191958214}
  m_RootOrder: 0
  m_LocalEulerAnglesHint: {x: 0, y: 0, z: 0}
--- !u!137 &1363519088
SkinnedMeshRenderer:
  m_ObjectHideFlags: 0
  m_PrefabParentObject: {fileID: 13700000, guid: 1bc59e55ce32adb48bee14c092ad1572,
    type: 3}
  m_PrefabInternal: {fileID: 0}
  m_GameObject: {fileID: 1363519086}
  m_Enabled: 1
  m_CastShadows: 1
  m_ReceiveShadows: 1
  m_MotionVectors: 1
  m_LightProbeUsage: 0
  m_ReflectionProbeUsage: 1
  m_Materials:
  - {fileID: 2100000, guid: a4c1988d864759a49a8a7e7b7504a369, type: 2}
  m_StaticBatchInfo:
    firstSubMesh: 0
    subMeshCount: 0
  m_StaticBatchRoot: {fileID: 0}
  m_ProbeAnchor: {fileID: 0}
  m_LightProbeVolumeOverride: {fileID: 0}
  m_ScaleInLightmap: 1
  m_PreserveUVs: 0
  m_IgnoreNormalsForChartDetection: 0
  m_ImportantGI: 0
  m_SelectedEditorRenderState: 3
  m_MinimumChartSize: 4
  m_AutoUVMaxDistance: 0.5
  m_AutoUVMaxAngle: 89
  m_LightmapParameters: {fileID: 0}
  m_SortingLayerID: 0
  m_SortingLayer: 0
  m_SortingOrder: 0
  serializedVersion: 2
  m_Quality: 0
  m_UpdateWhenOffscreen: 0
  m_SkinnedMotionVectors: 1
  m_Mesh: {fileID: 4300000, guid: 1bc59e55ce32adb48bee14c092ad1572, type: 3}
  m_Bones:
  - {fileID: 1772256756}
  - {fileID: 651428831}
  - {fileID: 600473552}
  - {fileID: 1659099034}
  - {fileID: 180615060}
  - {fileID: 1826300562}
  - {fileID: 644971986}
  - {fileID: 1454720208}
  - {fileID: 16573986}
  - {fileID: 739416497}
  - {fileID: 638286159}
  - {fileID: 1967716550}
  - {fileID: 1689248489}
  - {fileID: 1686701644}
  - {fileID: 591004404}
  - {fileID: 2140823693}
  - {fileID: 1666454171}
  - {fileID: 452778438}
  - {fileID: 1522247928}
  - {fileID: 426305802}
  - {fileID: 1512583822}
  - {fileID: 163731782}
  - {fileID: 291752077}
  - {fileID: 1997134213}
  - {fileID: 1937108798}
  - {fileID: 255540719}
  - {fileID: 445009077}
  m_BlendShapeWeights: []
  m_RootBone: {fileID: 1772256756}
  m_AABB:
    m_Center: {x: 3.0560045, y: 0, z: 1.2972567}
    m_Extent: {x: 13.237723, y: 13.545733, z: 1.826535}
  m_DirtyAABB: 0
--- !u!1 &1454720207
GameObject:
  m_ObjectHideFlags: 0
  m_PrefabParentObject: {fileID: 100050, guid: 1bc59e55ce32adb48bee14c092ad1572, type: 3}
  m_PrefabInternal: {fileID: 0}
  serializedVersion: 5
  m_Component:
  - component: {fileID: 1454720208}
  m_Layer: 0
  m_Name: right_thigh
  m_TagString: Untagged
  m_Icon: {fileID: 0}
  m_NavMeshLayer: 0
  m_StaticEditorFlags: 0
  m_IsActive: 1
--- !u!4 &1454720208
Transform:
  m_ObjectHideFlags: 0
  m_PrefabParentObject: {fileID: 400050, guid: 1bc59e55ce32adb48bee14c092ad1572, type: 3}
  m_PrefabInternal: {fileID: 0}
  m_GameObject: {fileID: 1454720207}
  m_LocalRotation: {x: 0, y: -0.023645014, z: -0, w: 0.99972045}
  m_LocalPosition: {x: 2.22595, y: 1.10748, z: 0.105353594}
  m_LocalScale: {x: 1, y: 1, z: 1}
  m_Children:
  - {fileID: 16573986}
  m_Father: {fileID: 644971986}
  m_RootOrder: 0
  m_LocalEulerAnglesHint: {x: 0, y: 0, z: 0}
--- !u!1 &1512583821
GameObject:
  m_ObjectHideFlags: 0
  m_PrefabParentObject: {fileID: 100010, guid: 1bc59e55ce32adb48bee14c092ad1572, type: 3}
  m_PrefabInternal: {fileID: 0}
  serializedVersion: 5
  m_Component:
  - component: {fileID: 1512583822}
  m_Layer: 0
  m_Name: left_fingers
  m_TagString: Untagged
  m_Icon: {fileID: 0}
  m_NavMeshLayer: 0
  m_StaticEditorFlags: 0
  m_IsActive: 1
--- !u!4 &1512583822
Transform:
  m_ObjectHideFlags: 0
  m_PrefabParentObject: {fileID: 400010, guid: 1bc59e55ce32adb48bee14c092ad1572, type: 3}
  m_PrefabInternal: {fileID: 0}
  m_GameObject: {fileID: 1512583821}
  m_LocalRotation: {x: 0.5, y: 0.5, z: -0.5, w: 0.5}
  m_LocalPosition: {x: -1.3145523, y: -7.180658e-17, z: 0.040489987}
  m_LocalScale: {x: 1, y: 1, z: 1}
  m_Children: []
  m_Father: {fileID: 426305802}
  m_RootOrder: 0
  m_LocalEulerAnglesHint: {x: 0, y: 0, z: 0}
--- !u!1 &1522247927
GameObject:
  m_ObjectHideFlags: 0
  m_PrefabParentObject: {fileID: 100024, guid: 1bc59e55ce32adb48bee14c092ad1572, type: 3}
  m_PrefabInternal: {fileID: 0}
  serializedVersion: 5
  m_Component:
  - component: {fileID: 1522247928}
  m_Layer: 0
  m_Name: left_wrist
  m_TagString: Untagged
  m_Icon: {fileID: 0}
  m_NavMeshLayer: 0
  m_StaticEditorFlags: 0
  m_IsActive: 1
--- !u!4 &1522247928
Transform:
  m_ObjectHideFlags: 0
  m_PrefabParentObject: {fileID: 400024, guid: 1bc59e55ce32adb48bee14c092ad1572, type: 3}
  m_PrefabInternal: {fileID: 0}
  m_GameObject: {fileID: 1522247927}
  m_LocalRotation: {x: -0.0011415246, y: -0.34590575, z: 0.20199318, w: 0.9162678}
  m_LocalPosition: {x: -3.9256418, y: -0.31180117, z: -0.34416488}
  m_LocalScale: {x: 1, y: 1, z: 1}
  m_Children:
  - {fileID: 426305802}
  m_Father: {fileID: 452778438}
  m_RootOrder: 0
  m_LocalEulerAnglesHint: {x: 0, y: 0, z: 0}
--- !u!1 &1659099033
GameObject:
  m_ObjectHideFlags: 0
  m_PrefabParentObject: {fileID: 100018, guid: 1bc59e55ce32adb48bee14c092ad1572, type: 3}
  m_PrefabInternal: {fileID: 0}
  serializedVersion: 5
  m_Component:
  - component: {fileID: 1659099034}
  m_Layer: 0
  m_Name: left_knee
  m_TagString: Untagged
  m_Icon: {fileID: 0}
  m_NavMeshLayer: 0
  m_StaticEditorFlags: 0
  m_IsActive: 1
--- !u!4 &1659099034
Transform:
  m_ObjectHideFlags: 0
  m_PrefabParentObject: {fileID: 400018, guid: 1bc59e55ce32adb48bee14c092ad1572, type: 3}
  m_PrefabInternal: {fileID: 0}
  m_GameObject: {fileID: 1659099033}
  m_LocalRotation: {x: -0.13065515, y: 0.20866714, z: -0.7888218, w: 0.56315845}
  m_LocalPosition: {x: -6.15249, y: -0.3358751, z: -1.0608045}
  m_LocalScale: {x: 1, y: 1, z: 1}
  m_Children:
  - {fileID: 180615060}
  m_Father: {fileID: 600473552}
  m_RootOrder: 0
  m_LocalEulerAnglesHint: {x: 0, y: 0, z: 0}
--- !u!1 &1666454170
GameObject:
  m_ObjectHideFlags: 0
  m_PrefabParentObject: {fileID: 100020, guid: 1bc59e55ce32adb48bee14c092ad1572, type: 3}
  m_PrefabInternal: {fileID: 0}
  serializedVersion: 5
  m_Component:
  - component: {fileID: 1666454171}
  m_Layer: 0
  m_Name: left_shoulder
  m_TagString: Untagged
  m_Icon: {fileID: 0}
  m_NavMeshLayer: 0
  m_StaticEditorFlags: 0
  m_IsActive: 1
--- !u!4 &1666454171
Transform:
  m_ObjectHideFlags: 0
  m_PrefabParentObject: {fileID: 400020, guid: 1bc59e55ce32adb48bee14c092ad1572, type: 3}
  m_PrefabInternal: {fileID: 0}
  m_GameObject: {fileID: 1666454170}
  m_LocalRotation: {x: 0.02982873, y: 0.26839525, z: -0.08349808, w: 0.95921963}
  m_LocalPosition: {x: -1.3185452, y: -1.7214508e-15, z: -0.534627}
  m_LocalScale: {x: 1, y: 1, z: 1}
  m_Children:
  - {fileID: 452778438}
  m_Father: {fileID: 2140823693}
  m_RootOrder: 0
  m_LocalEulerAnglesHint: {x: 0, y: 0, z: 0}
--- !u!1 &1686701643
GameObject:
  m_ObjectHideFlags: 0
  m_PrefabParentObject: {fileID: 100028, guid: 1bc59e55ce32adb48bee14c092ad1572, type: 3}
  m_PrefabInternal: {fileID: 0}
  serializedVersion: 5
  m_Component:
  - component: {fileID: 1686701644}
  m_Layer: 0
  m_Name: neck
  m_TagString: Untagged
  m_Icon: {fileID: 0}
  m_NavMeshLayer: 0
  m_StaticEditorFlags: 0
  m_IsActive: 1
--- !u!4 &1686701644
Transform:
  m_ObjectHideFlags: 0
  m_PrefabParentObject: {fileID: 400028, guid: 1bc59e55ce32adb48bee14c092ad1572, type: 3}
  m_PrefabInternal: {fileID: 0}
  m_GameObject: {fileID: 1686701643}
  m_LocalRotation: {x: 0, y: 0.14814319, z: 0.943443, w: 0.29659554}
  m_LocalPosition: {x: -5, y: 1.110223e-15, z: -0.0011018036}
  m_LocalScale: {x: 1, y: 1, z: 1}
  m_Children:
  - {fileID: 591004404}
  m_Father: {fileID: 1689248489}
  m_RootOrder: 1
  m_LocalEulerAnglesHint: {x: 0, y: 0, z: 0}
--- !u!1 &1689248488
GameObject:
  m_ObjectHideFlags: 0
  m_PrefabParentObject: {fileID: 100058, guid: 1bc59e55ce32adb48bee14c092ad1572, type: 3}
  m_PrefabInternal: {fileID: 0}
  serializedVersion: 5
  m_Component:
  - component: {fileID: 1689248489}
  m_Layer: 0
  m_Name: spine
  m_TagString: Untagged
  m_Icon: {fileID: 0}
  m_NavMeshLayer: 0
  m_StaticEditorFlags: 0
  m_IsActive: 1
--- !u!4 &1689248489
Transform:
  m_ObjectHideFlags: 0
  m_PrefabParentObject: {fileID: 400058, guid: 1bc59e55ce32adb48bee14c092ad1572, type: 3}
  m_PrefabInternal: {fileID: 0}
  m_GameObject: {fileID: 1689248488}
  m_LocalRotation: {x: -0.000003484618, y: -0.81826514, z: 0.015807558, w: 0.57462364}
  m_LocalPosition: {x: -2, y: 4.440892e-16, z: 0.0011018036}
  m_LocalScale: {x: 1, y: 1, z: 1}
  m_Children:
  - {fileID: 2140823693}
  - {fileID: 1686701644}
  - {fileID: 163731782}
  m_Father: {fileID: 1967716550}
  m_RootOrder: 0
  m_LocalEulerAnglesHint: {x: 0, y: 0, z: 0}
--- !u!1 &1772256755
GameObject:
  m_ObjectHideFlags: 0
  m_PrefabParentObject: {fileID: 100054, guid: 1bc59e55ce32adb48bee14c092ad1572, type: 3}
  m_PrefabInternal: {fileID: 0}
  serializedVersion: 5
  m_Component:
  - component: {fileID: 1772256756}
  m_Layer: 0
  m_Name: root_joint
  m_TagString: Untagged
  m_Icon: {fileID: 0}
  m_NavMeshLayer: 0
  m_StaticEditorFlags: 0
  m_IsActive: 1
--- !u!4 &1772256756
Transform:
  m_ObjectHideFlags: 0
  m_PrefabParentObject: {fileID: 400054, guid: 1bc59e55ce32adb48bee14c092ad1572, type: 3}
  m_PrefabInternal: {fileID: 0}
  m_GameObject: {fileID: 1772256755}
  m_LocalRotation: {x: 0, y: 0, z: -0.7071068, w: 0.7071068}
  m_LocalPosition: {x: -1.341464e-16, y: 16.604141, z: 0}
  m_LocalScale: {x: 1, y: 1, z: 1}
  m_Children:
  - {fileID: 1967716550}
  - {fileID: 651428831}
  - {fileID: 644971986}
  m_Father: {fileID: 330157341}
  m_RootOrder: 0
  m_LocalEulerAnglesHint: {x: 0, y: 0, z: 0}
--- !u!1 &1826300561
GameObject:
  m_ObjectHideFlags: 0
  m_PrefabParentObject: {fileID: 100012, guid: 1bc59e55ce32adb48bee14c092ad1572, type: 3}
  m_PrefabInternal: {fileID: 0}
  serializedVersion: 5
  m_Component:
  - component: {fileID: 1826300562}
  m_Layer: 0
  m_Name: left_foot
  m_TagString: Untagged
  m_Icon: {fileID: 0}
  m_NavMeshLayer: 0
  m_StaticEditorFlags: 0
  m_IsActive: 1
--- !u!4 &1826300562
Transform:
  m_ObjectHideFlags: 0
  m_PrefabParentObject: {fileID: 400012, guid: 1bc59e55ce32adb48bee14c092ad1572, type: 3}
  m_PrefabInternal: {fileID: 0}
  m_GameObject: {fileID: 1826300561}
  m_LocalRotation: {x: 0, y: -0, z: -0, w: 1}
  m_LocalPosition: {x: -1, y: -2.220446e-16, z: -2.9072852}
  m_LocalScale: {x: 1, y: 1, z: 1}
  m_Children: []
  m_Father: {fileID: 180615060}
  m_RootOrder: 0
  m_LocalEulerAnglesHint: {x: 0, y: 0, z: 0}
--- !u!1 &1937108797
GameObject:
  m_ObjectHideFlags: 0
  m_PrefabParentObject: {fileID: 100052, guid: 1bc59e55ce32adb48bee14c092ad1572, type: 3}
  m_PrefabInternal: {fileID: 0}
  serializedVersion: 5
  m_Component:
  - component: {fileID: 1937108798}
  m_Layer: 0
  m_Name: right_wrist
  m_TagString: Untagged
  m_Icon: {fileID: 0}
  m_NavMeshLayer: 0
  m_StaticEditorFlags: 0
  m_IsActive: 1
--- !u!4 &1937108798
Transform:
  m_ObjectHideFlags: 0
  m_PrefabParentObject: {fileID: 400052, guid: 1bc59e55ce32adb48bee14c092ad1572, type: 3}
  m_PrefabInternal: {fileID: 0}
  m_GameObject: {fileID: 1937108797}
  m_LocalRotation: {x: 0.0006068734, y: 0.111219324, z: -0.10765115, w: 0.98794794}
  m_LocalPosition: {x: 3.92564, y: 0.311801, z: 0.3441}
  m_LocalScale: {x: 1, y: 1, z: 1}
  m_Children:
  - {fileID: 255540719}
  m_Father: {fileID: 1997134213}
  m_RootOrder: 0
  m_LocalEulerAnglesHint: {x: 0, y: 0, z: 0}
--- !u!1 &1967716549
GameObject:
  m_ObjectHideFlags: 0
  m_PrefabParentObject: {fileID: 100002, guid: 1bc59e55ce32adb48bee14c092ad1572, type: 3}
  m_PrefabInternal: {fileID: 0}
  serializedVersion: 5
  m_Component:
  - component: {fileID: 1967716550}
  m_Layer: 0
  m_Name: hip_center
  m_TagString: Untagged
  m_Icon: {fileID: 0}
  m_NavMeshLayer: 0
  m_StaticEditorFlags: 0
  m_IsActive: 1
--- !u!4 &1967716550
Transform:
  m_ObjectHideFlags: 0
  m_PrefabParentObject: {fileID: 400002, guid: 1bc59e55ce32adb48bee14c092ad1572, type: 3}
  m_PrefabInternal: {fileID: 0}
  m_GameObject: {fileID: 1967716549}
  m_LocalRotation: {x: 0, y: 1.3877788e-17, z: -0, w: 1}
  m_LocalPosition: {x: -0, y: 7.888609e-31, z: 0}
  m_LocalScale: {x: 1, y: 1, z: 1}
  m_Children:
  - {fileID: 1689248489}
  m_Father: {fileID: 1772256756}
  m_RootOrder: 0
  m_LocalEulerAnglesHint: {x: 0, y: 0, z: 0}
--- !u!1 &1997134212
GameObject:
  m_ObjectHideFlags: 0
  m_PrefabParentObject: {fileID: 100036, guid: 1bc59e55ce32adb48bee14c092ad1572, type: 3}
  m_PrefabInternal: {fileID: 0}
  serializedVersion: 5
  m_Component:
  - component: {fileID: 1997134213}
  m_Layer: 0
  m_Name: right_elbow
  m_TagString: Untagged
  m_Icon: {fileID: 0}
  m_NavMeshLayer: 0
  m_StaticEditorFlags: 0
  m_IsActive: 1
--- !u!4 &1997134213
Transform:
  m_ObjectHideFlags: 0
  m_PrefabParentObject: {fileID: 400036, guid: 1bc59e55ce32adb48bee14c092ad1572, type: 3}
  m_PrefabInternal: {fileID: 0}
  m_GameObject: {fileID: 1997134212}
  m_LocalRotation: {x: -0.04883314, y: -0.3916159, z: 0.91196483, w: 0.112127475}
  m_LocalPosition: {x: 4.23645, y: -0.311801, z: 0.5112}
  m_LocalScale: {x: 1, y: 1, z: 1}
  m_Children:
  - {fileID: 1937108798}
  m_Father: {fileID: 291752077}
  m_RootOrder: 0
  m_LocalEulerAnglesHint: {x: 0, y: 0, z: 0}
--- !u!1 &2140823692
GameObject:
  m_ObjectHideFlags: 0
  m_PrefabParentObject: {fileID: 100006, guid: 1bc59e55ce32adb48bee14c092ad1572, type: 3}
  m_PrefabInternal: {fileID: 0}
  serializedVersion: 5
  m_Component:
  - component: {fileID: 2140823693}
  m_Layer: 0
  m_Name: left_collar
  m_TagString: Untagged
  m_Icon: {fileID: 0}
  m_NavMeshLayer: 0
  m_StaticEditorFlags: 0
  m_IsActive: 1
--- !u!4 &2140823693
Transform:
  m_ObjectHideFlags: 0
  m_PrefabParentObject: {fileID: 400006, guid: 1bc59e55ce32adb48bee14c092ad1572, type: 3}
  m_PrefabInternal: {fileID: 0}
  m_GameObject: {fileID: 2140823692}
  m_LocalRotation: {x: -0.52343005, y: -0.31062952, z: 0.2081741, w: 0.765633}
  m_LocalPosition: {x: -4.074039, y: -0.70906055, z: -0.0011018036}
  m_LocalScale: {x: 1, y: 1, z: 1}
  m_Children:
  - {fileID: 1666454171}
  m_Father: {fileID: 1689248489}
  m_RootOrder: 0
  m_LocalEulerAnglesHint: {x: 0, y: 0, z: 0}
